
@techreport{Karlson06,
    author = {Amy K. Karlson and Benjamin B. Bederson},
    title = {Understanding Single-Handed Mobile Device Interaction},
    institution = {},
    year = {2006},
}

@Misc{hoober13,
  author =       {Hoober, S.},
  title =        {How Do Users Really Hold Mobile Devices?},
  year =         2013,
  note =
                  {\url{http://www.uxmatters.com/mt/archives/2013/02/how-do-users-really-hold-mobile-devices.php}},
  annote =       {URL}
}

@InProceedings{NgA11,
    author =    {Ng, Alexander and Brewster, Stephen A. and Crossan, A.},
    title =     {The effects of encumbrance on mobile gesture         interactions},
    booktitle = {Body, Movement, Gestures and Tactility in Interaction with Mobile Devices Workshop at {MobileHCI 11}},
    year =      {2011},
}

@Inbook{Ng2013,
    author="Ng, Alexander
and Brewster, Stephen A.
and Williamson, John",
    editor="Kotz{\'e}, Paula
and Marsden, Gary
and Lindgaard, Gitte
and Wesson, Janet
and Winckler, Marco",
    chapter="The Impact of Encumbrance on Mobile Interactions",
    title="Human-Computer Interaction -- INTERACT 2013: 14th IFIP TC 13 International Conference, Cape Town, South Africa, September 2-6, 2013, Proceedings, Part III",
    year="2013",
    publisher="Springer Berlin Heidelberg",
    address="Berlin, Heidelberg",
    pages="92--109",
    isbn="978-3-642-40477-1",
    doi="10.1007/978-3-642-40477-1_6",
    url="http://dx.doi.org/10.1007/978-3-642-40477-1_6"
}

@inproceedings{Ng:2013:REW:2468356.2468599,
 author = {Ng, Alexander and Brewster, Stephen},
 title = {The Relationship Between Encumbrance and Walking Speed on Mobile Interactions},
 booktitle = {CHI '13 Extended Abstracts on Human Factors in Computing Systems},
 series = {CHI EA '13},
 year = {2013},
 isbn = {978-1-4503-1952-2},
 location = {Paris, France},
 pages = {1359--1364},
 numpages = {6},
 url = {http://doi.acm.org/10.1145/2468356.2468599},
 doi = {10.1145/2468356.2468599},
 acmid = {2468599},
 publisher = {ACM},
 address = {New York, NY, USA},
 keywords = {encumbrance, mobile interaction, walking speed},
}

@inproceedings{Ng:2014:IEE:2556288.2557312,
 author = {Ng, Alexander and Brewster, Stephen A. and Williamson, John H.},
 title = {Investigating the Effects of Encumbrance on One- and Two- Handed Interactions with Mobile Devices},
 booktitle = {Proceedings of the SIGCHI Conference on Human Factors in Computing Systems},
 series = {CHI '14},
 year = {2014},
 isbn = {978-1-4503-2473-1},
 location = {Toronto, Ontario, Canada},
 pages = {1981--1990},
 numpages = {10},
 url = {http://doi.acm.org/10.1145/2556288.2557312},
 doi = {10.1145/2556288.2557312},
 acmid = {2557312},
 publisher = {ACM},
 address = {New York, NY, USA},
 keywords = {encumbrance, mobile interactions, one- and two- handed input, target acquisition},
} 

@inproceedings{Harrison:2009:PDC:1518701.1518749,
 author = {Harrison, Chris and Hudson, Scott E.},
 title = {Providing Dynamically Changeable Physical Buttons on a Visual Display},
 booktitle = {Proceedings of the SIGCHI Conference on Human Factors in Computing Systems},
 series = {CHI '09},
 year = {2009},
 isbn = {978-1-60558-246-7},
 location = {Boston, MA, USA},
 pages = {299--308},
 numpages = {10},
 url = {http://doi.acm.org/10.1145/1518701.1518749},
 doi = {10.1145/1518701.1518749},
 acmid = {1518749},
 publisher = {ACM},
 address = {New York, NY, USA},
 keywords = {barometric, dashboard, dynamic buttons, eyes-free, haptic, input, multitouch, physical interfaces, pneumatic, pressure, programmatically controlled, rear projection, shape displays, tactile},
}

@unpublished{unpublished,
  author       = {Robinson, S. and Coutrix, C. and Pearson, J. and Rosso, J. and Torquato, M. and Nigay, L. and Jones, M.}, 
  title        = {Emergeables: Deformable Displays for Continuous Eyes-Free Mobile Interaction},
  note         = {To appear in Proceedings of the SIGCHI Conference on Human Factors in Computing Systems (CHI'16)},
  year         = 2016
}

@inproceedings{Hemmert:2008:DKS:1358628.1358675,
 author = {Hemmert, Fabian and Joost, Gesche and Kn\"{o}rig, Andr{\'e} and Wettach, Reto},
 title = {Dynamic Knobs: Shape Change As a Means of Interaction on a Mobile Phone},
 booktitle = {CHI '08 Extended Abstracts on Human Factors in Computing Systems},
 series = {CHI EA '08},
 year = {2008},
 isbn = {978-1-60558-012-8},
 location = {Florence, Italy},
 pages = {2309--2314},
 numpages = {6},
 url = {http://doi.acm.org/10.1145/1358628.1358675},
 doi = {10.1145/1358628.1358675},
 acmid = {1358675},
 publisher = {ACM},
 address = {New York, NY, USA},
 keywords = {force feedback, mobile phone, notification systems, shape change, tangible interfaces},
}

@inproceedings{Nakagawa:2012:MVS:2207676.2207782,
 author = {Nakagawa, Yusuke and Kamimura, Akiya and Kawaguchi, Yoichiro},
 title = {MimicTile: A Variable Stiffness Deformable User Interface for Mobile Devices},
 booktitle = {Proceedings of the SIGCHI Conference on Human Factors in Computing Systems},
 series = {CHI '12},
 year = {2012},
 isbn = {978-1-4503-1015-4},
 location = {Austin, Texas, USA},
 pages = {745--748},
 numpages = {4},
 url = {http://doi.acm.org/10.1145/2207676.2207782},
 doi = {10.1145/2207676.2207782},
 acmid = {2207782},
 publisher = {ACM},
 address = {New York, NY, USA},
 keywords = {deformable user interfaces, gestures, haptic feedback, mobile devices, shape memory alloy},
}

@inproceedings{Roudaut:2013:MTH:2470654.2470738,
 author = {Roudaut, Anne and Karnik, Abhijit and L\"{o}chtefeld, Markus and Subramanian, Sriram},
 title = {Morphees: Toward High "Shape Resolution" in Self-actuated Flexible Mobile Devices},
 booktitle = {Proceedings of the SIGCHI Conference on Human Factors in Computing Systems},
 series = {CHI '13},
 year = {2013},
 isbn = {978-1-4503-1899-0},
 location = {Paris, France},
 pages = {593--602},
 numpages = {10},
 url = {http://doi.acm.org/10.1145/2470654.2470738},
 doi = {10.1145/2470654.2470738},
 acmid = {2470738},
 publisher = {ACM},
 address = {New York, NY, USA},
 keywords = {flexible touchscreen, haptic feedback, organic user interface, shape changing, shape resolution},
}

@inproceedings{Jansen:2012:TRC:2207676.2208691,
 author = {Jansen, Yvonne and Dragicevic, Pierre and Fekete, Jean-Daniel},
 title = {Tangible Remote Controllers for Wall-size Displays},
 booktitle = {Proceedings of the SIGCHI Conference on Human Factors in Computing Systems},
 series = {CHI '12},
 year = {2012},
 isbn = {978-1-4503-1015-4},
 location = {Austin, Texas, USA},
 pages = {2865--2874},
 numpages = {10},
 url = {http://doi.acm.org/10.1145/2207676.2208691},
 doi = {10.1145/2207676.2208691},
 acmid = {2208691},
 publisher = {ACM},
 address = {New York, NY, USA},
 keywords = {tangible user interfaces, visual exploration, wall-size displays},
} 

@Inbook{Mainwaring2005,
author="Mainwaring, Scott D.
and Anderson, Ken
and Chang, Michele F.",
editor="Beigl, Michael
and Intille, Stephen
and Rekimoto, Jun
and Tokuda, Hideyuki",
chapter="Living for the Global City: Mobile Kits, Urban Interfaces, and Ubicomp",
title="UbiComp 2005: Ubiquitous Computing: 7th International Conference, UbiComp 2005, Tokyo, Japan, September 11-14, 2005. Proceedings",
year="2005",
publisher="Springer Berlin Heidelberg",
address="Berlin, Heidelberg",
pages="269--286",
isbn="978-3-540-31941-2",
doi="10.1007/11551201_16",
url="http://dx.doi.org/10.1007/11551201_16"
}

@inproceedings{Taylor:2009:GGU:1518701.1518842,
 author = {Taylor, Brandon T. and Bove,Jr., V. Michael},
 title = {Graspables: Grasp-recognition As a User Interface},
 booktitle = {Proceedings of the SIGCHI Conference on Human Factors in Computing Systems},
 series = {CHI '09},
 year = {2009},
 isbn = {978-1-60558-246-7},
 location = {Boston, MA, USA},
 pages = {917--926},
 numpages = {10},
 url = {http://doi.acm.org/10.1145/1518701.1518842},
 doi = {10.1145/1518701.1518842},
 acmid = {1518842},
 publisher = {ACM},
 address = {New York, NY, USA},
 keywords = {grasp, user interface},
} 

@inproceedings{Baudisch:2009:BIA:1518701.1518995,
 author = {Baudisch, Patrick and Chu, Gerry},
 title = {Back-of-device Interaction Allows Creating Very Small Touch Devices},
 booktitle = {Proceedings of the SIGCHI Conference on Human Factors in Computing Systems},
 series = {CHI '09},
 year = {2009},
 isbn = {978-1-60558-246-7},
 location = {Boston, MA, USA},
 pages = {1923--1932},
 numpages = {10},
 url = {http://doi.acm.org/10.1145/1518701.1518995},
 doi = {10.1145/1518701.1518995},
 acmid = {1518995},
 publisher = {ACM},
 address = {New York, NY, USA},
 keywords = {back-of-device interaction, input devices, lucidtouch, mobile devices, nanotouch, pointing, touch},
}

@inproceedings{Wigdor:2007:LTS:1294211.1294259,
 author = {Wigdor, Daniel and Forlines, Clifton and Baudisch, Patrick and Barnwell, John and Shen, Chia},
 title = {Lucid Touch: A See-through Mobile Device},
 booktitle = {Proceedings of the 20th Annual ACM Symposium on User Interface Software and Technology},
 series = {UIST '07},
 year = {2007},
 isbn = {978-1-59593-679-0},
 location = {Newport, Rhode Island, USA},
 pages = {269--278},
 numpages = {10},
 url = {http://doi.acm.org/10.1145/1294211.1294259},
 doi = {10.1145/1294211.1294259},
 acmid = {1294259},
 publisher = {ACM},
 address = {New York, NY, USA},
 keywords = {augmented reality, bimanual input, direct touch, lucid touch, multi-touch, portable multi-touch, pseudo-transparency, transparent devices},
} 

@inproceedings{Cheng:2012:IGA:2380296.2380305,
 author = {Cheng, Lung-Pan and Hsiao, Fang-I and Liu, Yen-Ting and Chen, Mike Y.},
 title = {iRotate Grasp: Automatic Screen Rotation Based on Grasp of Mobile Devices},
 booktitle = {Adjunct Proceedings of the 25th Annual ACM Symposium on User Interface Software and Technology},
 series = {UIST Adjunct Proceedings '12},
 year = {2012},
 isbn = {978-1-4503-1582-1},
 location = {Cambridge, Massachusetts, USA},
 pages = {15--16},
 numpages = {2},
 url = {http://doi.acm.org/10.1145/2380296.2380305},
 doi = {10.1145/2380296.2380305},
 acmid = {2380305},
 publisher = {ACM},
 address = {New York, NY, USA},
 keywords = {auto rotation, device orientation, grasp recognition},
}

@inproceedings{Cheng:2013:IGA:2468356.2479514,
 author = {Cheng, Lung-Pan and Liang, Hsiang-Sheng and Wu, Che-Yang and Chen, Mike Y.},
 title = {iGrasp: Grasp-based Adaptive Keyboard for Mobile Devices},
 booktitle = {CHI '13 Extended Abstracts on Human Factors in Computing Systems},
 series = {CHI EA '13},
 year = {2013},
 isbn = {978-1-4503-1952-2},
 location = {Paris, France},
 pages = {2791--2792},
 numpages = {2},
 url = {http://doi.acm.org/10.1145/2468356.2479514},
 doi = {10.1145/2468356.2479514},
 acmid = {2479514},
 publisher = {ACM},
 address = {New York, NY, USA},
 keywords = {adaptive user interfaces, grasp detection, mobile devices., virtual keyboard},
}

@inproceedings{Wagner:2012:BBD:2207676.2208391,
 author = {Wagner, Julie and Huot, St{\'e}phane and Mackay, Wendy},
 title = {BiTouch and BiPad: Designing Bimanual Interaction for Hand-held Tablets},
 booktitle = {Proceedings of the SIGCHI Conference on Human Factors in Computing Systems},
 series = {CHI '12},
 year = {2012},
 isbn = {978-1-4503-1015-4},
 location = {Austin, Texas, USA},
 pages = {2317--2326},
 numpages = {10},
 url = {http://doi.acm.org/10.1145/2207676.2208391},
 doi = {10.1145/2207676.2208391},
 acmid = {2208391},
 publisher = {ACM},
 address = {New York, NY, USA},
 keywords = {bimanual interaction, bipad, bitouch design space, hand-held tablets, multi-touch tablets},
}

@inproceedings{Dimitriadis:2014:EEP:2556288.2557164,
 author = {Dimitriadis, Panteleimon and Alexander, Jason},
 title = {Evaluating the Effectiveness of Physical Shape-change for In-pocket Mobile Device Notifications},
 booktitle = {Proceedings of the SIGCHI Conference on Human Factors in Computing Systems},
 series = {CHI '14},
 year = {2014},
 isbn = {978-1-4503-2473-1},
 location = {Toronto, Ontario, Canada},
 pages = {2589--2592},
 numpages = {4},
 url = {http://doi.acm.org/10.1145/2556288.2557164},
 doi = {10.1145/2556288.2557164},
 acmid = {2557164},
 publisher = {ACM},
 address = {New York, NY, USA},
 keywords = {mobile devices, notifications, shape-change},
}

@inproceedings{Hardy:2015:STR:2702123.2702599,
 author = {Hardy, John and Weichel, Christian and Taher, Faisal and Vidler, John and Alexander, Jason},
 title = {ShapeClip: Towards Rapid Prototyping with Shape-Changing Displays for Designers},
 booktitle = {Proceedings of the 33rd Annual ACM Conference on Human Factors in Computing Systems},
 series = {CHI '15},
 year = {2015},
 isbn = {978-1-4503-3145-6},
 location = {Seoul, Republic of Korea},
 pages = {19--28},
 numpages = {10},
 url = {http://doi.acm.org/10.1145/2702123.2702599},
 doi = {10.1145/2702123.2702599},
 acmid = {2702599},
 publisher = {ACM},
 address = {New York, NY, USA},
 keywords = {actuated displays, reconfigurable, shape displays, shape-changing displays, shapeclip, tool},
}

@inproceedings{Michelitsch:2004:HCN:985921.986050,
 author = {Michelitsch, G. and Williams, J. and Osen, M. and Jimenez, B. and Rapp, S.},
 title = {Haptic Chameleon: A New Concept of Shape-changing User Interface Controls with Force Feedback},
 booktitle = {CHI '04 Extended Abstracts on Human Factors in Computing Systems},
 series = {CHI EA '04},
 year = {2004},
 isbn = {1-58113-703-6},
 location = {Vienna, Austria},
 pages = {1305--1308},
 numpages = {4},
 url = {http://doi.acm.org/10.1145/985921.986050},
 doi = {10.1145/985921.986050},
 acmid = {986050},
 publisher = {ACM},
 address = {New York, NY, USA},
 keywords = {haptic user interfaces, shape-changing I/O devices, tangible user interfaces},
}

@InBook{standrs,
  author =       {},
  title =        {Safety of machinery. Ergonomics requirements for the design of displays and control actuators},
  chapter =      {Control actuators},
  publisher =    {BSI},
  year =         2000,
  pages =        {44},
}

@Misc{Clark,
  author =       {Clark, J.},
  title =        {Designing for touch (section “Rule of thumb”)},
  year =         2012,
  note =
                  {\url{http://www.creativebloq.com/design/designing-touch-2123037}},
  annote =       {URL}
}

@Misc{Curtis,
  author =       {Curtis, D.},
  title =        {3.5 inches},
  year =         2011,
  note =
                  {\url{http://dcurt.is/3-point-5-inches}},
  annote =       {URL}
}

@Misc{Wroblewski,
  author =       {Wroblewski, L.},
  title =        {Responsive navigation: Optimizing for touch across devices},
  year =         2012,
  note =
                  {\url{http://www.lukew.com/ff/entry.asp?1649}},
  annote =       {URL}
}

@inproceedings{Bergstrom-Lehtovirta:2014:MFA:2611528.2557354,
 author = {Bergstrom-Lehtovirta, Joanna and Oulasvirta, Antti},
 title = {Modeling the Functional Area of the Thumb on Mobile Touchscreen Surfaces},
 booktitle = {Proceedings of the 32Nd Annual ACM Conference on Human Factors in Computing Systems},
 series = {CHI '14},
 year = {2014},
 isbn = {978-1-4503-2473-1},
 location = {Toronto, Ontario, Canada},
 pages = {1991--2000},
 numpages = {10},
 url = {http://doi.acm.org.gate6.inist.fr/10.1145/2556288.2557354},
 doi = {10.1145/2556288.2557354},
 acmid = {2557354},
 publisher = {ACM},
 address = {New York, NY, USA},
 keywords = {functional area, predictive model, thumb, touchscreen},
}

@book{Kroemer,
  author    = {Kroemer, K.H.E. and Kroemer, H.B. and Kroemer-Elbert, K.E.}, 
  title     = {Ergonomics: How to Design for Ease and Efficiency},
  publisher = {Prentice Hall},
  year      = 2000,
  edition   = 2,
  month     = 7,
  isbn      = {0137524781}
}

@inproceedings{Negulescu:2015:GCI:2702123.2702185,
 author = {Negulescu, Matei and McGrenere, Joanna},
 title = {Grip Change As an Information Side Channel for Mobile Touch Interaction},
 booktitle = {Proceedings of the 33rd Annual ACM Conference on Human Factors in Computing Systems},
 series = {CHI '15},
 year = {2015},
 isbn = {978-1-4503-3145-6},
 location = {Seoul, Republic of Korea},
 pages = {1519--1522},
 numpages = {4},
 url = {http://doi.acm.org.gate6.inist.fr/10.1145/2702123.2702185},
 doi = {10.1145/2702123.2702185},
 acmid = {2702185},
 publisher = {ACM},
 address = {New York, NY, USA},
 keywords = {adaptive interface, display size, grip, mobile device, predictive model, touch},
}

@inproceedings{Murakami:1995:DDO:223355.223442,
 author = {Murakami, Tamotsu and Hayashi, Kazuhiko and Oikawa, Kazuhiro and Nakajima, Naomasa},
 title = {DO-IT: Deformable Objects As Input Tools},
 booktitle = {Conference Companion on Human Factors in Computing Systems},
 series = {CHI '95},
 year = {1995},
 isbn = {0-89791-755-3},
 location = {Denver, Colorado, USA},
 pages = {87--88},
 numpages = {2},
 url = {http://doi.acm.org.gate6.inist.fr/10.1145/223355.223442},
 doi = {10.1145/223355.223442},
 acmid = {223442},
 publisher = {ACM},
 address = {New York, NY, USA},
}

@inproceedings{Zhang:2012:MDE:2212776.2223704,
 author = {Zhang, Xinyong and Feng, Wenxin and Zha, Hongbin},
 title = {Modeling Dwell-based Eye Pointing at Two-dimensional Targets},
 booktitle = {CHI '12 Extended Abstracts on Human Factors in Computing Systems},
 series = {CHI EA '12},
 year = {2012},
 isbn = {978-1-4503-1016-1},
 location = {Austin, Texas, USA},
 pages = {1751--1756},
 numpages = {6},
 url = {http://doi.acm.org.gate6.inist.fr/10.1145/2212776.2223704},
 doi = {10.1145/2212776.2223704},
 acmid = {2223704},
 publisher = {ACM},
 address = {New York, NY, USA},
 keywords = {2d eye pointing task, gaze input, modeling},
}

@Inbook{Coutrix2015,
author="Coutrix, C{\'e}line
and Masclet, C{\'e}dric",
editor="Abascal, Julio
and Barbosa, Simone
and Fetter, Mirko
and Gross, Tom
and Palanque, Philippe
and Winckler, Marco",
chapter="Shape-Change for Zoomable TUIs: Opportunities and Limits of a Resizable Slider",
title="Human-Computer Interaction -- INTERACT 2015: 15th IFIP TC 13 International Conference, Bamberg, Germany, September 14-18, 2015, Proceedings, Part I",
year="2015",
publisher="Springer International Publishing",
address="Cham",
pages="349--366",
isbn="978-3-319-22701-6",
doi="10.1007/978-3-319-22701-6_27",
url="http://dx.doi.org/10.1007/978-3-319-22701-6_27"
}

@inproceedings{Hirotaka:2003:RCC:765891.766081,
 author = {Hirotaka, Nambu},
 title = {Reassessing Current Cell Phone Designs: Using Thumb Input Effectively},
 booktitle = {CHI '03 Extended Abstracts on Human Factors in Computing Systems},
 series = {CHI EA '03},
 year = {2003},
 isbn = {1-58113-637-4},
 location = {Ft. Lauderdale, Florida, USA},
 pages = {938--939},
 numpages = {2},
 url = {http://doi.acm.org.gate6.inist.fr/10.1145/765891.766081},
 doi = {10.1145/765891.766081},
 acmid = {766081},
 publisher = {ACM},
 address = {New York, NY, USA},
 keywords = {cell phone, keypad input, mobile system, text entry},
} 

@article{Buck:Motor,
author = {Buck, Leslie},
title = {Motor performance in relation to control-display gain and target width},
journal = {Ergonomics},
volume = {23},
number = {6},
pages = {579-589},
year = {1980},
doi = {10.1080/00140138008924772},
URL = {http://dx.doi.org/10.1080/00140138008924772},
eprint = {http://dx.doi.org/10.1080/00140138008924772}
}

@inproceedings{Grossman:2005:BCE:1054972.1055012,
 author = {Grossman, Tovi and Balakrishnan, Ravin},
 title = {The Bubble Cursor: Enhancing Target Acquisition by Dynamic Resizing of the Cursor's Activation Area},
 booktitle = {Proceedings of the SIGCHI Conference on Human Factors in Computing Systems},
 series = {CHI '05},
 year = {2005},
 isbn = {1-58113-998-5},
 location = {Portland, Oregon, USA},
 pages = {281--290},
 numpages = {10},
 url = {http://doi.acm.org.gate6.inist.fr/10.1145/1054972.1055012},
 doi = {10.1145/1054972.1055012},
 acmid = {1055012},
 publisher = {ACM},
 address = {New York, NY, USA},
 keywords = {Fitts' law, area cursor, bubble cursor, target acquisition},
} 