
@techreport{Karlson06,
    author = {Amy K. Karlson and Benjamin B. Bederson},
    title = {Understanding Single-Handed Mobile Device Interaction},
    institution = {},
    year = {2006},
}

@Misc{hoober13,
  author =       {Hoober, S.},
  title =        {How Do Users Really Hold Mobile Devices?},
  year =         2013,
  note =
                  {\url{http://www.uxmatters.com/mt/archives/2013/02/how-do-users-really-hold-mobile-devices.php}},
  annote =       {URL}
}

@unpublished{unpublished,
  author       = {Robinson, S. and Coutrix, C. and Pearson, J. and Rosso, J. and Torquato, M. and Nigay, L. and Jones, M.}, 
  title        = {Emergeables: Deformable Displays for Continuous Eyes-Free Mobile Interaction},
  note         = {To appear in Proceedings of the SIGCHI Conference on Human Factors in Computing Systems (CHI'16)},
  year         = 2016
}

@inproceedings{Jansen:2012:TRC:2207676.2208691,
 author = {Jansen, Yvonne and Dragicevic, Pierre and Fekete, Jean-Daniel},
 title = {Tangible Remote Controllers for Wall-size Displays},
 booktitle = {Proceedings of the SIGCHI Conference on Human Factors in Computing Systems},
 series = {CHI '12},
 year = {2012},
 isbn = {978-1-4503-1015-4},
 location = {Austin, Texas, USA},
 pages = {2865--2874},
 numpages = {10},
 url = {http://doi.acm.org/10.1145/2207676.2208691},
 doi = {10.1145/2207676.2208691},
 acmid = {2208691},
 publisher = {ACM},
 address = {New York, NY, USA},
 keywords = {tangible user interfaces, visual exploration, wall-size displays},
} 

@inproceedings{Hardy:2015:STR:2702123.2702599,
 author = {Hardy, John and Weichel, Christian and Taher, Faisal and Vidler, John and Alexander, Jason},
 title = {ShapeClip: Towards Rapid Prototyping with Shape-Changing Displays for Designers},
 booktitle = {Proceedings of the 33rd Annual ACM Conference on Human Factors in Computing Systems},
 series = {CHI '15},
 year = {2015},
 isbn = {978-1-4503-3145-6},
 location = {Seoul, Republic of Korea},
 pages = {19--28},
 numpages = {10},
 url = {http://doi.acm.org/10.1145/2702123.2702599},
 doi = {10.1145/2702123.2702599},
 acmid = {2702599},
 publisher = {ACM},
 address = {New York, NY, USA},
 keywords = {actuated displays, reconfigurable, shape displays, shape-changing displays, shapeclip, tool},
}

@Misc{Clark,
  author =       {Clark, J.},
  title =        {Designing for touch (section “Rule of thumb”)},
  year =         2012,
  note =
                  {\url{http://www.creativebloq.com/design/designing-touch-2123037}},
  annote =       {URL}
}

@Misc{Curtis,
  author =       {Curtis, D.},
  title =        {3.5 inches},
  year =         2011,
  note =
                  {\url{http://dcurt.is/3-point-5-inches}},
  annote =       {URL}
}

@Misc{Wroblewski,
  author =       {Wroblewski, L.},
  title =        {Responsive navigation: Optimizing for touch across devices},
  year =         2012,
  note =
                  {\url{http://www.lukew.com/ff/entry.asp?1649}},
  annote =       {URL}
}

@inproceedings{Bergstrom-Lehtovirta:2014:MFA:2611528.2557354,
 author = {Bergstrom-Lehtovirta, Joanna and Oulasvirta, Antti},
 title = {Modeling the Functional Area of the Thumb on Mobile Touchscreen Surfaces},
 booktitle = {Proceedings of the 32Nd Annual ACM Conference on Human Factors in Computing Systems},
 series = {CHI '14},
 year = {2014},
 isbn = {978-1-4503-2473-1},
 location = {Toronto, Ontario, Canada},
 pages = {1991--2000},
 numpages = {10},
 url = {http://doi.acm.org.gate6.inist.fr/10.1145/2556288.2557354},
 doi = {10.1145/2556288.2557354},
 acmid = {2557354},
 publisher = {ACM},
 address = {New York, NY, USA},
 keywords = {functional area, predictive model, thumb, touchscreen},
}

@inproceedings{Negulescu:2015:GCI:2702123.2702185,
 author = {Negulescu, Matei and McGrenere, Joanna},
 title = {Grip Change As an Information Side Channel for Mobile Touch Interaction},
 booktitle = {Proceedings of the 33rd Annual ACM Conference on Human Factors in Computing Systems},
 series = {CHI '15},
 year = {2015},
 isbn = {978-1-4503-3145-6},
 location = {Seoul, Republic of Korea},
 pages = {1519--1522},
 numpages = {4},
 url = {http://doi.acm.org.gate6.inist.fr/10.1145/2702123.2702185},
 doi = {10.1145/2702123.2702185},
 acmid = {2702185},
 publisher = {ACM},
 address = {New York, NY, USA},
 keywords = {adaptive interface, display size, grip, mobile device, predictive model, touch},
}

@inproceedings{Zhang:2012:MDE:2212776.2223704,
 author = {Zhang, Xinyong and Feng, Wenxin and Zha, Hongbin},
 title = {Modeling Dwell-based Eye Pointing at Two-dimensional Targets},
 booktitle = {CHI '12 Extended Abstracts on Human Factors in Computing Systems},
 series = {CHI EA '12},
 year = {2012},
 isbn = {978-1-4503-1016-1},
 location = {Austin, Texas, USA},
 pages = {1751--1756},
 numpages = {6},
 url = {http://doi.acm.org.gate6.inist.fr/10.1145/2212776.2223704},
 doi = {10.1145/2212776.2223704},
 acmid = {2223704},
 publisher = {ACM},
 address = {New York, NY, USA},
 keywords = {2d eye pointing task, gaze input, modeling},
}

@Inbook{Coutrix2015,
author="Coutrix, C{\'e}line
and Masclet, C{\'e}dric",
editor="Abascal, Julio
and Barbosa, Simone
and Fetter, Mirko
and Gross, Tom
and Palanque, Philippe
and Winckler, Marco",
chapter="Shape-Change for Zoomable TUIs: Opportunities and Limits of a Resizable Slider",
title="Human-Computer Interaction -- INTERACT 2015: 15th IFIP TC 13 International Conference, Bamberg, Germany, September 14-18, 2015, Proceedings, Part I",
year="2015",
publisher="Springer International Publishing",
address="Cham",
pages="349--366",
isbn="978-3-319-22701-6",
doi="10.1007/978-3-319-22701-6_27",
url="http://dx.doi.org/10.1007/978-3-319-22701-6_27"
}

@inproceedings{Hirotaka:2003:RCC:765891.766081,
 author = {Hirotaka, Nambu},
 title = {Reassessing Current Cell Phone Designs: Using Thumb Input Effectively},
 booktitle = {CHI '03 Extended Abstracts on Human Factors in Computing Systems},
 series = {CHI EA '03},
 year = {2003},
 isbn = {1-58113-637-4},
 location = {Ft. Lauderdale, Florida, USA},
 pages = {938--939},
 numpages = {2},
 url = {http://doi.acm.org.gate6.inist.fr/10.1145/765891.766081},
 doi = {10.1145/765891.766081},
 acmid = {766081},
 publisher = {ACM},
 address = {New York, NY, USA},
 keywords = {cell phone, keypad input, mobile system, text entry},
} 

@ARTICLE{Casiez08theimpact,
    author = {Géry Casiez and Daniel Vogel and Ravin Balakrishnan and Andy Cockburn},
    title = {The Impact of Control-Display Gain on User Performance in Pointing Tasks},
    journal = {HUMAN–COMPUTER INTERACTION},
    year = {2008},
    volume = {23},
    number = {3},
    pages = {215--250}
}

@inproceedings{Grossman:2005:BCE:1054972.1055012,
 author = {Grossman, Tovi and Balakrishnan, Ravin},
 title = {The Bubble Cursor: Enhancing Target Acquisition by Dynamic Resizing of the Cursor's Activation Area},
 booktitle = {Proceedings of the SIGCHI Conference on Human Factors in Computing Systems},
 series = {CHI '05},
 year = {2005},
 isbn = {1-58113-998-5},
 location = {Portland, Oregon, USA},
 pages = {281--290},
 numpages = {10},
 url = {http://doi.acm.org.gate6.inist.fr/10.1145/1054972.1055012},
 doi = {10.1145/1054972.1055012},
 acmid = {1055012},
 publisher = {ACM},
 address = {New York, NY, USA},
 keywords = {Fitts' law, area cursor, bubble cursor, target acquisition},
} 

@TECHREPORT{Karlson06understandingsingle-handed,
    author = {Amy K. Karlson and Benjamin B. Bederson},
    title = {Understanding Single-Handed Mobile Device Interaction},
    institution = {},
    year = {2006}
}

@inproceedings{Goel:2012:GUB:2380116.2380184,
 author = {Goel, Mayank and Wobbrock, Jacob and Patel, Shwetak},
 title = {GripSense: Using Built-in Sensors to Detect Hand Posture and Pressure on Commodity Mobile Phones},
 booktitle = {Proceedings of the 25th Annual ACM Symposium on User Interface Software and Technology},
 series = {UIST '12},
 year = {2012},
 isbn = {978-1-4503-1580-7},
 location = {Cambridge, Massachusetts, USA},
 pages = {545--554},
 numpages = {10},
 url = {http://doi.acm.org.gate6.inist.fr/10.1145/2380116.2380184},
 doi = {10.1145/2380116.2380184},
 acmid = {2380184},
 publisher = {ACM},
 address = {New York, NY, USA},
 keywords = {gyroscope, hand posture, inertial sensors, mobile, posture, situational impairments, touchscreen},
}

@inproceedings{Karlson:2007:TGO:1776994.1777034,
 author = {Karlson, Amy K. and Bederson, Benjamin B.},
 title = {ThumbSpace: Generalized One-handed Input for Touchscreen-based Mobile Devices},
 booktitle = {Proceedings of the 11th IFIP TC 13 International Conference on Human-computer Interaction},
 series = {INTERACT'07},
 year = {2007},
 isbn = {3-540-74794-X, 978-3-540-74794-9},
 location = {Rio de Janeiro, Brazil},
 pages = {324--338},
 numpages = {15},
 url = {http://dl.acm.org/citation.cfm?id=1776994.1777034},
 acmid = {1777034},
 publisher = {Springer-Verlag},
 address = {Berlin, Heidelberg},
 keywords = {ThumbSpace, one handed mobile interaction},
}

@inproceedings{Roudaut:2008:TMI:1385569.1385594,
 author = {Roudaut, Anne and Huot, St{\'e}phane and Lecolinet, Eric},
 title = {TapTap and MagStick: Improving One-handed Target Acquisition on Small Touch-screens},
 booktitle = {Proceedings of the Working Conference on Advanced Visual Interfaces},
 series = {AVI '08},
 year = {2008},
 isbn = {978-1-60558-141-5},
 location = {Napoli, Italy},
 pages = {146--153},
 numpages = {8},
 url = {http://doi.acm.org.gate6.inist.fr/10.1145/1385569.1385594},
 doi = {10.1145/1385569.1385594},
 acmid = {1385594},
 publisher = {ACM},
 address = {New York, NY, USA},
 keywords = {interaction techniques, mobile devices, one-handed interaction, thumb interaction, touch-screens},
}

@inproceedings{Yu:2013:RSH:2493190.2493202,
 author = {Yu, Neng-Hao and Huang, Da-Yuan and Hsu, Jia-Jyun and Hung, Yi-Ping},
 title = {Rapid Selection of Hard-to-access Targets by Thumb on Mobile Touch-screens},
 booktitle = {Proceedings of the 15th International Conference on Human-computer Interaction with Mobile Devices and Services},
 series = {MobileHCI '13},
 year = {2013},
 isbn = {978-1-4503-2273-7},
 location = {Munich, Germany},
 pages = {400--403},
 numpages = {4},
 url = {http://doi.acm.org.gate6.inist.fr/10.1145/2493190.2493202},
 doi = {10.1145/2493190.2493202},
 acmid = {2493202},
 publisher = {ACM},
 address = {New York, NY, USA},
 keywords = {interaction techniques, mobile devices, one-handed interaction, thumb-based interaction, touch-screens},
}

@inproceedings{Hong:2013:TVC:2468356.2468589,
 author = {Hong, Jonggi and Lee, Geehyuk},
 title = {TouchShield: A Virtual Control for Stable Grip of a Smartphone Using the Thumb},
 booktitle = {CHI '13 Extended Abstracts on Human Factors in Computing Systems},
 series = {CHI EA '13},
 year = {2013},
 isbn = {978-1-4503-1952-2},
 location = {Paris, France},
 pages = {1305--1310},
 numpages = {6},
 url = {http://doi.acm.org.gate6.inist.fr/10.1145/2468356.2468589},
 doi = {10.1145/2468356.2468589},
 acmid = {2468589},
 publisher = {ACM},
 address = {New York, NY, USA},
 keywords = {function keys, safety, touch screen smartphone, touchshield},
} 